/home/nageshbl/writeups/trunk/refbib/ref.bib